@book{DBLP:books/sp/Aalst16,
  author    = {Wil M. P. van der Aalst},
  title     = {Process Mining - Data Science in Action, Second Edition},
  publisher = {Springer},
  year      = {2016},
  url       = {http://dx.doi.org/10.1007/978-3-662-49851-4},
  doi       = {10.1007/978-3-662-49851-4},
  isbn      = {978-3-662-49850-7},
  timestamp = {Mon, 18 Apr 2016 17:08:05 +0200},
  biburl    = {http://dblp.uni-trier.de/rec/bib/books/sp/Aalst16},
  bibsource = {dblp computer science bibliography, http://dblp.org}
}

@article{DBLP:journals/is/0001MW14,
	author    = {Thomas Baier and
	Jan Mendling and
	Mathias Weske},
	title     = {Bridging abstraction layers in process mining},
	journal   = {Inf. Syst.},
	volume    = {46},
	pages     = {123--139},
	year      = {2014},
	url       = {http://dx.doi.org/10.1016/j.is.2014.04.004},
	doi       = {10.1016/j.is.2014.04.004},
	timestamp = {Tue, 22 Jul 2014 13:16:49 +0200},
	biburl    = {http://dblp.uni-trier.de/rec/bib/journals/is/0001MW14},
	bibsource = {dblp computer science bibliography, http://dblp.org}
}